<record><leader>00000cas a22000007a 4500</leader><controlfield tag="001">13457921</controlfield><controlfield tag="008">860419d19251932nvuwr ne      0    0eng d</controlfield><datafield ind1=" " ind2=" " tag="010"><subfield code="a">sn 86091350 </subfield></datafield><datafield ind1=" " ind2=" " tag="040"><subfield code="a">UNP</subfield><subfield code="b">eng</subfield><subfield code="c">UNP</subfield><subfield code="d">NNX</subfield><subfield code="d">OCL</subfield><subfield code="d">OCLCQ</subfield><subfield code="d">DLC</subfield></datafield><datafield ind1=" " ind2=" " tag="042"><subfield code="a">msc</subfield></datafield><datafield ind1=" " ind2="4" tag="050"><subfield code="a">AN2.N3</subfield><subfield code="b">L46</subfield></datafield><datafield ind1="0" ind2=" " tag="130"><subfield code="a">Lincoln County record (Pioche, Nev. : 1925)</subfield></datafield><datafield ind1="1" ind2="0" tag="245"><subfield code="a">Lincoln County record.</subfield></datafield><datafield ind1=" " ind2=" " tag="260"><subfield code="a">Pioche, Nev. :</subfield><subfield code="b">Pioche Record Pub. Co.,</subfield><subfield code="c">1925-1932.</subfield></datafield><datafield ind1=" " ind2=" " tag="300"><subfield code="a">8 v. :</subfield><subfield code="b">ill.</subfield></datafield><datafield ind1=" " ind2=" " tag="310"><subfield code="a">Weekly</subfield></datafield><datafield ind1="0" ind2=" " tag="362"><subfield code="a">Vol. 55, no. 35 (July 2, 1925)-v. 62, no. 14 (Feb. 18, 1932).</subfield></datafield><datafield ind1=" " ind2=" " tag="580"><subfield code="a">Formed by merger of: Caliente weekly news, and: Pioche record (1908).</subfield></datafield><datafield ind1=" " ind2=" " tag="752"><subfield code="a">United States</subfield><subfield code="b">Nevada</subfield><subfield code="c">Lincoln</subfield><subfield code="d">Pioche.</subfield></datafield><datafield ind1="1" ind2="4" tag="780"><subfield code="t">Caliente weekly news</subfield><subfield code="w">(DLC)sn 86076344</subfield><subfield code="w">(OCoLC)13994603</subfield></datafield><datafield ind1="1" ind2="4" tag="780"><subfield code="t">Pioche record (Pioche, Nev. : 1908)</subfield><subfield code="x">2472-176X</subfield><subfield code="w">(DLC)sn 86091349</subfield><subfield code="w">(OCoLC)13457885</subfield></datafield><datafield ind1="0" ind2="0" tag="785"><subfield code="t">Pioche record (1932)</subfield><subfield code="w">(DLC)sn 86091350</subfield><subfield code="w">(OCoLC)13457921</subfield></datafield><datafield ind1="1" ind2=" " tag="029"><subfield code="a">AU@</subfield><subfield code="b">000021635966</subfield></datafield></record>